@misc{zoneRoutingProtocol,
    author  = "Nikos Drakos, Computer Based Learning Unit, University of Leeds",
    title   = "CS765 - Mobile Ad-Hoc Networks, Analysis of the Zone Routing Protocol",
    url     = "https://www.netmeister.org/misc/zrp/zrp.html"
}

@misc{flatbuffers,
    author  = "Google Inc.",
    title   = "FlatBuffers, Memory Efficient Serialization Library",
    url     = "https://google.github.io/flatbuffers/index.html"
}